<?xml version="1.0" encoding="UTF-8"?><collection xmlns="http://www.loc.gov/MARC21/slim"><record><leader>00540nam--2200181-i-4500</leader><controlfield tag="001">000046474</controlfield><controlfield tag="002">20161230</controlfield><controlfield tag="005">20161230201046</controlfield><controlfield tag="008">060222s1000------------r-----000-0-fre-d</controlfield><datafield ind1=" " ind2=" " tag="040"><subfield code="a">IFIN-HH</subfield></datafield><datafield ind1=" " ind2=" " tag="041"><subfield code="a">fre</subfield></datafield><datafield ind1=" " ind2=" " tag="080"><subfield code="a">537.622.4(043):537.533.35(043)</subfield></datafield><datafield ind1="1" ind2=" " tag="100"><subfield code="a">Vigier,Pierre</subfield></datafield><datafield ind1="1" ind2="0" tag="245"><subfield code="a">Microscopie de lorentz en champ perpendiculaire parols symetriques</subfield><subfield code="b">These</subfield><subfield code="c">Pierre vigier</subfield></datafield><datafield ind1=" " ind2=" " tag="260"><subfield code="a">Rouen</subfield><subfield code="b">Universite De Rouen, Faculte Des Sciences</subfield><subfield code="c">1972</subfield></datafield><datafield ind1=" " ind2=" " tag="300"><subfield code="a">114 P</subfield></datafield><datafield ind1=" " ind2=" " tag="852"><subfield code="a">40435</subfield><subfield code="c">537.533.35</subfield></datafield><datafield ind1=" " ind2=" " tag="CAT"><subfield code="a">Sys</subfield><subfield code="c">20110905</subfield><subfield code="h">153559</subfield></datafield></record></collection>